<?xml version="1.0" encoding="UTF-8"?><collection xmlns="http://www.loc.gov/MARC21/slim"><record><leader>00590nam--2200193-i-4500</leader><controlfield tag="001">000020905</controlfield><controlfield tag="002">20161230</controlfield><controlfield tag="005">20161230201033</controlfield><controlfield tag="008">060222s1000------------r-----000-0-rum-d</controlfield><datafield ind1=" " ind2=" " tag="040"><subfield code="a">IFIN-HH</subfield></datafield><datafield ind1=" " ind2=" " tag="041"><subfield code="a">rum</subfield></datafield><datafield ind1=" " ind2=" " tag="080"><subfield code="a">539.143(043)</subfield></datafield><datafield ind1="1" ind2=" " tag="100"><subfield code="a">Iacob, Victor Eugen</subfield></datafield><datafield ind1="1" ind2="0" tag="245"><subfield code="a">Studiul structurii unor nuclee neutrono-deficitare prin spectroscopie gama. coexistenta de forma)</subfield><subfield code="b">Teza</subfield><subfield code="c">Victor eugen iacob</subfield></datafield><datafield ind1=" " ind2=" " tag="260"><subfield code="a">Bucuresti</subfield><subfield code="b">Ifa</subfield><subfield code="c">1994</subfield></datafield><datafield ind1=" " ind2=" " tag="300"><subfield code="a">102P</subfield></datafield><datafield ind1=" " ind2=" " tag="502"><subfield code="a">Conducator Stiintific: Conf.Dr. Alexandru Berinde</subfield></datafield><datafield ind1=" " ind2=" " tag="852"><subfield code="a">80235</subfield><subfield code="c">539.14</subfield></datafield><datafield ind1=" " ind2=" " tag="CAT"><subfield code="a">Sys</subfield><subfield code="c">20120406</subfield><subfield code="h">144425</subfield></datafield></record></collection>